%! Author = ericson
%! Date = 2020/04/09

